<?xml version="1.0" encoding="UTF-8"?><collection xmlns="http://www.loc.gov/MARC21/slim"><record><leader>00469nam--2200169-i-4500</leader><controlfield tag="001">000020106</controlfield><controlfield tag="002">20161230</controlfield><controlfield tag="005">20161230201033</controlfield><controlfield tag="008">060222s1000------------r-----000-0-eng-d</controlfield><datafield ind1=" " ind2=" " tag="040"><subfield code="a">IFIN-HH</subfield></datafield><datafield ind1=" " ind2=" " tag="080"><subfield code="a">537.222.22:621.382</subfield></datafield><datafield ind1="1" ind2=" " tag="100"><subfield code="a">Ehrenberg, W</subfield></datafield><datafield ind1="1" ind2="0" tag="245"><subfield code="a">Electric conduction in semiconductors and metals</subfield><subfield code="c">W. ehrenberg</subfield></datafield><datafield ind1=" " ind2=" " tag="260"><subfield code="a">Oxford</subfield><subfield code="b">At The Clarendon Press</subfield><subfield code="c">1958</subfield></datafield><datafield ind1=" " ind2=" " tag="300"><subfield code="a">VII + 389 P</subfield></datafield><datafield ind1=" " ind2=" " tag="852"><subfield code="a">13629</subfield><subfield code="c">537.311.33</subfield></datafield><datafield ind1=" " ind2=" " tag="CAT"><subfield code="a">Sys</subfield><subfield code="c">20110718</subfield><subfield code="h">145041</subfield></datafield></record></collection>